[gd_scene load_steps=32 format=3 uid="uid://d3aj6qouwtav1"]

[ext_resource type="Script" path="res://Actors/Player.gd" id="1_1v2bx"]
[ext_resource type="Texture2D" uid="uid://7nb6lw40a336" path="res://Art/industrial.v2.png" id="1_cd3gh"]
[ext_resource type="Script" path="res://Actors/scripts/PlayerStateLabel.gd" id="3_qcyfs"]
[ext_resource type="Script" path="res://Actors/scripts/StateMachine.gd" id="4_qf4kr"]
[ext_resource type="Script" path="res://Actors/scripts/Idle.gd" id="5_sxk15"]
[ext_resource type="Script" path="res://Actors/scripts/Walk.gd" id="6_ow31h"]
[ext_resource type="Script" path="res://Actors/scripts/Fall.gd" id="7_emqw1"]
[ext_resource type="Script" path="res://Actors/scripts/Jump.gd" id="8_elnyl"]
[ext_resource type="Script" path="res://Actors/Crouch.gd" id="9_5dgf6"]

[sub_resource type="AtlasTexture" id="AtlasTexture_ycqs6"]
atlas = ExtResource("1_cd3gh")
region = Rect2(80, 256, 16, 16)

[sub_resource type="AtlasTexture" id="AtlasTexture_4ji60"]
atlas = ExtResource("1_cd3gh")
region = Rect2(32, 272, 16, 16)

[sub_resource type="AtlasTexture" id="AtlasTexture_3u5uu"]
atlas = ExtResource("1_cd3gh")
region = Rect2(96, 272, 16, 16)

[sub_resource type="AtlasTexture" id="AtlasTexture_mtlsn"]
atlas = ExtResource("1_cd3gh")
region = Rect2(0, 256, 16, 16)

[sub_resource type="AtlasTexture" id="AtlasTexture_yw64k"]
atlas = ExtResource("1_cd3gh")
region = Rect2(16, 256, 16, 16)

[sub_resource type="AtlasTexture" id="AtlasTexture_upq43"]
atlas = ExtResource("1_cd3gh")
region = Rect2(32, 256, 16, 16)

[sub_resource type="AtlasTexture" id="AtlasTexture_62k0n"]
atlas = ExtResource("1_cd3gh")
region = Rect2(48, 256, 16, 16)

[sub_resource type="AtlasTexture" id="AtlasTexture_ohama"]
atlas = ExtResource("1_cd3gh")
region = Rect2(64, 256, 16, 16)

[sub_resource type="AtlasTexture" id="AtlasTexture_uok62"]
atlas = ExtResource("1_cd3gh")
region = Rect2(80, 256, 16, 16)

[sub_resource type="AtlasTexture" id="AtlasTexture_mlg58"]
atlas = ExtResource("1_cd3gh")
region = Rect2(96, 256, 16, 16)

[sub_resource type="AtlasTexture" id="AtlasTexture_bfhjx"]
atlas = ExtResource("1_cd3gh")
region = Rect2(112, 256, 16, 16)

[sub_resource type="AtlasTexture" id="AtlasTexture_cm4or"]
atlas = ExtResource("1_cd3gh")
region = Rect2(48, 272, 16, 16)

[sub_resource type="AtlasTexture" id="AtlasTexture_wc1h2"]
atlas = ExtResource("1_cd3gh")
region = Rect2(64, 272, 16, 16)

[sub_resource type="AtlasTexture" id="AtlasTexture_sbsho"]
atlas = ExtResource("1_cd3gh")
region = Rect2(80, 272, 16, 16)

[sub_resource type="AtlasTexture" id="AtlasTexture_074d3"]
atlas = ExtResource("1_cd3gh")
region = Rect2(96, 272, 16, 16)

[sub_resource type="AtlasTexture" id="AtlasTexture_0fmfa"]
atlas = ExtResource("1_cd3gh")
region = Rect2(112, 272, 16, 16)

[sub_resource type="AtlasTexture" id="AtlasTexture_tf5r8"]
atlas = ExtResource("1_cd3gh")
region = Rect2(16, 272, 16, 16)

[sub_resource type="AtlasTexture" id="AtlasTexture_lifyd"]
atlas = ExtResource("1_cd3gh")
region = Rect2(32, 272, 16, 16)

[sub_resource type="AtlasTexture" id="AtlasTexture_nrppw"]
atlas = ExtResource("1_cd3gh")
region = Rect2(0, 272, 16, 16)

[sub_resource type="AtlasTexture" id="AtlasTexture_hjox4"]
atlas = ExtResource("1_cd3gh")
region = Rect2(16, 272, 16, 16)

[sub_resource type="SpriteFrames" id="SpriteFrames_mi8dn"]
animations = [{
"frames": [{
"duration": 1.0,
"texture": SubResource("AtlasTexture_ycqs6")
}],
"loop": true,
"name": &"Crouch",
"speed": 5.0
}, {
"frames": [{
"duration": 1.0,
"texture": SubResource("AtlasTexture_4ji60")
}, {
"duration": 1.0,
"texture": SubResource("AtlasTexture_3u5uu")
}],
"loop": true,
"name": &"Fall",
"speed": 2.0
}, {
"frames": [{
"duration": 1.0,
"texture": SubResource("AtlasTexture_mtlsn")
}, {
"duration": 1.0,
"texture": SubResource("AtlasTexture_yw64k")
}, {
"duration": 1.0,
"texture": SubResource("AtlasTexture_upq43")
}, {
"duration": 1.0,
"texture": SubResource("AtlasTexture_62k0n")
}, {
"duration": 1.0,
"texture": SubResource("AtlasTexture_ohama")
}, {
"duration": 1.0,
"texture": SubResource("AtlasTexture_uok62")
}, {
"duration": 1.0,
"texture": SubResource("AtlasTexture_mlg58")
}, {
"duration": 1.0,
"texture": SubResource("AtlasTexture_bfhjx")
}],
"loop": true,
"name": &"Idle",
"speed": 8.0
}, {
"frames": [{
"duration": 1.0,
"texture": SubResource("AtlasTexture_cm4or")
}, {
"duration": 1.0,
"texture": SubResource("AtlasTexture_wc1h2")
}, {
"duration": 1.0,
"texture": SubResource("AtlasTexture_sbsho")
}, {
"duration": 1.0,
"texture": SubResource("AtlasTexture_074d3")
}, {
"duration": 1.0,
"texture": SubResource("AtlasTexture_0fmfa")
}],
"loop": true,
"name": &"Jump",
"speed": 5.0
}, {
"frames": [{
"duration": 1.0,
"texture": SubResource("AtlasTexture_tf5r8")
}, {
"duration": 1.0,
"texture": SubResource("AtlasTexture_lifyd")
}, {
"duration": 1.0,
"texture": SubResource("AtlasTexture_nrppw")
}, {
"duration": 1.0,
"texture": SubResource("AtlasTexture_hjox4")
}],
"loop": true,
"name": &"Walk",
"speed": 5.0
}]

[sub_resource type="RectangleShape2D" id="RectangleShape2D_1w4h3"]
size = Vector2(8, 15)

[node name="Player" type="CharacterBody2D" groups=["Climber"]]
scale = Vector2(4, 4)
script = ExtResource("1_1v2bx")
SPEED = 375.0
JUMP_VELOCITY = -500.0
metadata/_edit_lock_ = true

[node name="RC_Down" type="RayCast2D" parent="."]
position = Vector2(0, -4)
target_position = Vector2(0, 14)
metadata/_edit_lock_ = true

[node name="AnimatedSprite2D" type="AnimatedSprite2D" parent="."]
sprite_frames = SubResource("SpriteFrames_mi8dn")
animation = &"Fall"
metadata/_edit_lock_ = true

[node name="CollisionShape2D" type="CollisionShape2D" parent="."]
position = Vector2(0, 0.5)
shape = SubResource("RectangleShape2D_1w4h3")
metadata/_edit_lock_ = true

[node name="Camera2D" type="Camera2D" parent="."]
position = Vector2(80, -48)
process_callback = 0
limit_smoothed = true
drag_horizontal_enabled = true
drag_vertical_enabled = true
drag_left_margin = 0.0
drag_bottom_margin = 0.0
metadata/_edit_lock_ = true

[node name="Label" type="Label" parent="."]
offset_top = -26.0
offset_right = 80.0
offset_bottom = -3.0
text = "Label"
script = ExtResource("3_qcyfs")
metadata/_edit_lock_ = true

[node name="StateMachine" type="Node" parent="."]
script = ExtResource("4_qf4kr")
initial_state = "Idle"

[node name="States" type="Node" parent="StateMachine"]

[node name="Idle" type="Node" parent="StateMachine/States"]
script = ExtResource("5_sxk15")

[node name="Walk" type="Node" parent="StateMachine/States"]
script = ExtResource("6_ow31h")

[node name="Fall" type="Node" parent="StateMachine/States"]
script = ExtResource("7_emqw1")

[node name="Jump" type="Node" parent="StateMachine/States"]
script = ExtResource("8_elnyl")

[node name="Crouch" type="Node" parent="StateMachine/States"]
script = ExtResource("9_5dgf6")

[node name="DoubleJumpTimer" type="Timer" parent="."]
wait_time = 0.3

[connection signal="timeout" from="DoubleJumpTimer" to="." method="_on_double_jump_timer_timeout"]
